% Encoding: ISO-8859-1

@INPROCEEDINGS{baldo_n1,
  author = {Baldo, Nicola and Miozzo, Marco},
  title = {Spectrum-aware Channel and PHY Layer Modeling for Ns3},
  booktitle = {Proceedings of the Fourth International ICST Conference on Performance
	Evaluation Methodologies and Tools},
  year = {2009},
  series = {VALUETOOLS '09},
  pages = {2:1--2:8},
  address = {ICST, Brussels, Belgium, Belgium},
  publisher = {ICST (Institute for Computer Sciences, Social-Informatics and Telecommunications
	Engineering)},
  acmid = {1698825},
  articleno = {2},
  doi = {10.4108/ICST.VALUETOOLS2009.7647},
  isbn = {978-963-9799-70-7},
  keywords = {channel, modeling, networking, physical layer, propagation, simulation,
	spectrum},
  location = {Pisa, Italy},
  numpages = {8},
  owner = {gmessier},
  timestamp = {2014.03.24},
  url = {http://dx.doi.org/10.4108/ICST.VALUETOOLS2009.7647}
}

@MISC{zigbee,
  author = {{IEEE} Computer Society},
  title = {{IEEE} Std 802.15.4 - 2006},
  howpublished = {The Institute of Electrical and Electronics Engineers, Inc.},
  year = {2006},
  note = {New York, USA},
  file = {:net/Standards/802.15.4-2006.pdf:PDF},
  owner = {gmessier},
  timestamp = {2011.02.09}
}

@STANDARD{isa100.11a,
  title = {Wireless systems for industrial automation: Process control and related
	applications},
  organization = {American National Standard},
  institution = {ANSI},
  number = {ANSI/ISA-100.11a-2011},
  file = {:net/130717/ISA100.11a-2011.pdf:PDF},
  owner = {gmessier},
  timestamp = {2013.07.17}
}

@Article{cui-s-2007,
  author    = {Cui, Shuguang and Madan, Ritesh and Goldsmith, Andrea J and Lall, Sanjay},
  title     = {Cross-layer energy and delay optimization in small-scale sensor networks},
  journal   = {{IEEE Transactions on Wireless Communications}},
  year      = {2007},
  volume    = {6},
  number    = {10},
  publisher = {IEEE},
}

@Misc{me-tii-2018,
  author       = {Herrmann, M. J. and Messier, G. G.},
  title        = {Cross-Layer Lifetime Optimization for Practical Industrial Wireless Networks: A Petroleum Refinery Case Study},
  howpublished = {submitted to {IEEE Transactions on Industrial Informatics}},
  year         = {2018},
}

@Comment{jabref-meta: databaseType:bibtex;}
